<record xmlns:xsi="http://www.w3.org/2001/XMLSchema-instance" xmlns="http://www.loc.gov/MARC21/slim" xsi:schemaLocation="http://www.loc.gov/MARC21/slim http://www.loc.gov/standards/marcxml/schema/MARC21slim.xsd">

  <leader>00632nam a2200157Ia 4500</leader>
  <controlfield tag="008">150814b1988    cr ||||| |||| 00| | spa d</controlfield>
  <datafield ind2=" " ind1=" " tag="020">
    <subfield code="a">8460589773</subfield>
  </datafield>
  <datafield tag="090" ind1=" " ind2=" ">
    <subfield code="a">05.02.02 </subfield>
    <subfield code="b">555 CD #3</subfield>
  </datafield>
  <datafield ind1=" " ind2=" " tag="111">
    <subfield code="9">863</subfield>
    <subfield code="a">Simposio Internacional  (1998 : Valladolid, España)</subfield>
  </datafield>
  <datafield ind2="3" ind1="1" tag="245">
    <subfield code="a">La conservación como factor de desarrollo en el siglo XXI</subfield>
  </datafield>
  <datafield ind1=" " ind2=" " tag="260">
    <subfield code="a">Valladolid, España : </subfield>
    <subfield code="b">Fundación de Patrimonio Histórico de Castilla y León, </subfield>
    <subfield code="c">1998</subfield>
  </datafield>
  <datafield ind2=" " ind1=" " tag="300">
    <subfield code="a">332 páginas</subfield>
  </datafield>
  <datafield ind1=" " ind2=" " tag="500">
    <subfield code="a">Contiene  Recopilación Bibliográfica  sobre Patrimonio Cultural en disco compacto #3</subfield>
  </datafield>
  <datafield ind2="4" ind1="1" tag="650">
    <subfield code="a">PROTECCIÓN DEL PATRIMONIO CULTURAL</subfield>
    <subfield code="9">864</subfield>
  </datafield>
  <datafield ind2=" " ind1=" " tag="942">
    <subfield code="2">z</subfield>
    <subfield code="c">01</subfield>
  </datafield>
  <datafield ind1=" " ind2=" " tag="999">
    <subfield code="c">206</subfield>
    <subfield code="d">206</subfield>
  </datafield>
</record>